@online{cmu_2015, 
	author  = {Carnegie Mellon University},  
	title   = {{Enron Email Dataset}}, 
	url     = {https://www.cs.cmu.edu/~enron/}, 
	urldate = {2018-05-13},
	year={2015},
	month={May}
}

@online{leber_2013, 
	author  = {Jessica Leber},  
	title   = {The Immortal Life of the Enron E-mails}, 
	url     = {https://www.technologyreview.com/s/515801/the-immortal-life-of-the-enron-e-mails/}, 
	urldate = {2018-05-13},
	year={2013},
	month={July}
}

@online{rfc2822, 
	author  = {Internet Engineering Task Force},  
	title   = {RFC2822: Internet Message Format}, 
	url     = {https://tools.ietf.org/html/rfc2822#section-2.2}, 
	urldate = {2018-05-13},
	year={2001},
	month={April}
}

@online{martinez_xmailer, 
	author  = {Nicole Martinez},  
	title   = {What Is a X-Mailer Header?}, 
	url     = {https://www.techwalla.com/articles/what-is-a-x-mailer-header}, 
	urldate = {2018-05-13},
}

@online{rfc2045, 
	author  = {Internet Engineering Task Force},  
	title   = {RFC2045: Multipurpose Internet Mail Extensions (MIME) Part One: Format of Internet Message Bodies}, 
	url     = {https://tools.ietf.org/html/rfc2045#section-4}, 
	urldate = {2018-05-13},
	year={1996},
	month={November}
}

@online{rfc822, 
	author  = {Internet Engineering Task Force},  
	title   = {RFC822: STANDARD FOR THE FORMAT OF ARPA INTERNET TEXT MESSAGES}, 
	url     = {https://tools.ietf.org/html/rfc822}, 
	urldate = {2018-05-13},
	year={1982},
	month={August}
}

@online{rfc6648, 
	author  = {Internet Engineering Task Force},  
	title   = {RFC6648: Deprecating the "X-" Prefix and Similar Constructs in Application Protocols}, 
	url     = {https://tools.ietf.org/html/rfc6648}, 
	urldate = {2018-05-13},
	year={2012},
	month={June}
}
